@book{hodgikinson-mech-testing-fibre-composites,
  author = "Hodgikinson, J. M.",
  title = "Mechanical testing of advanced fibre composites",
  publisher = "Woodhead Publishing Ltd",
  year = "2000",
}

@book{statics-and-mechs-of-materials,
  author = "Beer, Ferdinand P. and {Johnston Jr.}, E. Russel and DeWolff, John T. and Mazurek, David F.",
  title = "Statics and Mechanics of Materials",
  publisher = "McGraw-Hill",
  year = "2011"
}
